% O arquivo a seguir traz os principais exemplos de referências bibliográficas.
% Produzido por Prof. André Leon S. Gradvohl, Dr.
% Última atualização: 24/maio/2017
%
% Exemplo de artigo publicado em anais de congresso.
@inproceedings{Gradvohl:2004,
address = {Reading},
author = {Gradvohl, A.S. and Iano, Yuzo},
booktitle = {IEEE International Symposium on Consumer Electronics, 2004},
doi = {10.1109/ISCE.2004.1375898},
isbn = {0-7803-8527-6},
keywords = {Convergence,Image coding,Internet,Layout,MPEG standards,Multimedia systems,Protocols,Prototypes,TV,Video compression},
pages = {25--30},
publisher = {IEEE},
title = {{An approach for interactive television based on insertion of hypermedia information in MPEG standard video}},
url = {http://ieeexplore.ieee.org/lpdocs/epic03/wrapper.htm?arnumber=1375898},
year = {2004}
}

% Exemplo de relatório técnico ou apresentação.
@techreport{Gradvohl2015b,
address = {São José do Rio Preto},
author = {Gradvohl, André Leon S.},
doi = {10.6084/m9.figshare.1500786.v1},
institution = {Escola Regional de Alto Desempenho em São Paulo},
month = 8,
title = {{Introdução aos sistemas distribuídos on-line para processamento de fluxos de dados – Parte II}},
url = {http://dx.doi.org/10.6084/m9.figshare.1500786},
year = {2015}
}

% Exemplo de relatório técnico ou apresentação.
@techreport{Gradvohl2015a,
address = {São José do Rio Preto},
author = {Gradvohl, André Leon S.},
doi = {10.6084/m9.figshare.1500787.v1},
institution = {Escola Regional de Alto Desempenho em São Paulo},
month = 8,
title = {{Introdução aos sistemas distribuídos on-line para processamento de fluxos de dados – Parte I}},
url = {http://dx.doi.org/10.6084/m9.figshare.1500787},
year = {2015}
}

% Exemplo de artigo publicado em periódico científico (revista científica)
@article{ab,
author = {Gradvohl, André Leon S and Iano, Yuzo},
journal = {Revista Ciência e Tecnologia},
number = {13},
pages = {7--21},
title = {{TV interativa baseada na inclusão de informações hipermídia em vídeos}},
url = {http://revista.unisal.br/sj/index.php/123/article/view/80},
volume = {8},
year = {2005}
}

% Exemplo de artigo publicado em periódico científico (revista científica)
@article{Gradvohl:2014,
author = {Gradvohl, Andre Leon Sampaio},
doi = {10.1109/TLA.2014.6894015},
journal = {IEEE (Revista IEEE América Latina) Latin América Transactions},
keywords = {High performance computing;Hybrid computing;Parall},
number = {6},
pages = {1162--1168},
title = {{Metalanguage for high-performance computing on hybrid architectures}},
url = {http://ieeexplore.ieee.org/stamp/stamp.jsp?arnumber=6894015},
volume = {12},
year = {2014}
}

% Exemplo de artigo publicado em anais de congresso.
@inproceedings{Gradvohl2016,
address = {Viena},
author = {Gradvohl, Andre Leon Sampaio},
booktitle = {2016 IEEE 4th International Conference on Future Internet of Things and Cloud Workshops (FiCloudW)},
doi = {10.1109/W-FiCloud.2016.40},
isbn = {978-1-5090-3946-3},
month = 8,
pages = {143--147},
publisher = {IEEE},
title = {{Investigating Metrics to Build a Benchmark Tool for Complex Event Processing Systems}},
url = {http://ieeexplore.ieee.org/document/7592714/},
year = {2016}
}

% Exemplo de artigo publicado em anais de congresso.
@inproceedings{Gradvohl2008,
address = {Porto Alegre},
author = {Gradvohl, André Leon Sampaio},
booktitle = {Workshop de Software Livre},
doi = {10.13140/2.1.4484.4328},
title = {{Software livre na construção de grades computacionais para processamento de alto desempenho}},
url = {http://wsl.softwarelivre.org/2008/0007/},
year = {2008}
}

% Exemplo de capítulo de livro publicado.
@incollection{Gradvohl2015,
address = {São Paulo},
author = {Gradvohl, André Leon Sampaio},
booktitle = {Inovações Tecnológicas nas Perspectivas Computacionais},
chapter = {1},
edition = {1},
editor = {Murarolli, Patrícia Ligabó and Girotti, M{\'{a}}rcio Tadeu},
isbn = {9788541609388},
pages = {6--14},
publisher = {Biblioteca24Horas},
title = {{Infraestrutura para computação científica de alto desempenho: dos agrupamentos às grades computacionais.}},
url = {http://www.biblioteca24horas.com.br},
year = {2015}
}

% Exemplo de apresentação.
@misc{Gradvohl2016a,
address = {Viena},
author = {Gradvohl, André Leon Sampaio},
doi = {10.13140/RG.2.2.23464.37124},
title = {{Presentation investigating Metrics to build a benchmark tool for complex event processing systems}},
year = {2016}
}


% Exemplo de livro publicado.
@book{Gradvohl2016b,
address = {Saarbr{\"{u}}cken},
author = {Gradvohl, André Leon Sampaio},
edition = {1},
file = {:C$\backslash$:/Users/AndréLeon/Documents/Curriculo/LivroTVinterativa.pdf:pdf},
isbn = {978-3-8417-2506-6},
keywords = {Hipermídia,Padrão MPEG,TV Interativa},
pages = {128},
publisher = {Novas Edições Acadêmicas},
title = {{TV Interativa Baseada na Inclusão de Informações Hipermídia em Vídeos no Padrão MPEG}},
year = {2016}
}

% Exemplo de patente ou registro de software.
@misc{Gradvohl2016c,
author = {Gradvohl, André Leon Sampaio},
institution = {University of Campinas},
publisher = {Brazilian National Institute of Industrial Property},
title = {{B2-4CEP -- Benchmark Tool for Complex Event Processing Systems}},
year = {2016}
}

% Exemplo de artigo publicado em periódico científico (revista científica).
@article{Gradvohl2014c,
author = {Gradvohl, André Leon Sampaio and Senger, Hermes and Arantes, Luciana and Sens, Pierre},
doi = {10.4304/jetwi.6.2.174-179},
issn = {1799-8859},
journal = {Journal of Emerging Technologies in Web Intelligence},
keywords = {Distributed systems,Fault-tolerance,Online stream processing.,Systemapplications},
number = {2},
pages = {174--179},
title = {{Comparing distributed online stream processing systems considering fault tolerance issues}},
volume = {6},
year = {2014}
}

% Exemplo de artigo publicado em periódico científico (revista científica).
@article{Gravena2016,
author = {Gravena, Fernanda Martins and Magossi, Marcela Vitória and Gradvohl, André Leon Sampaio},
issn = {2238-0507},
journal = {Perspectivas em Ciências Tecnológicas},
pages = {122},
title = {{Pesquisa de softwares para apoio à aprendizagem de Arquitetura e Organização de Computadores em Cursos de Graduação}},
volume = {5},
year = {2016}
}

% Exemplo de artigo publicado em periódico científico (revista científica).
@article{Gradvohl:2007,
author = {{Sampaio Gradvohl}, Andre Leon and Iano, Yuzo},
doi = {10.1109/T-LA.2007.4445709},
issn = {1548-0992},
journal = {IEEE Latin América Transactions},
keywords = {context sensitive information,hypervideo,interactive tv},
month = {dec},
number = {8},
pages = {579--584},
title = {{Matching Interactive TV and Hypervideo}},
url = {http://ieeexplore.ieee.org/lpdocs/epic03/wrapper.htm?arnumber=4445709},
volume = {5},
year = {2007}
}

@inproceedings{Caldana2017,
address = {Uberl{\^{a}}ndia},
author = {Caldana, Ismael and da Silva, Ana Estela Antunes and Coelho, Guilherme Palermo and Gradvohl, Andre Leon S.},
booktitle = {2017 Brazilian Conference on Intelligent Systems (BRACIS)},
doi = {10.1109/BRACIS.2017.31},
isbn = {978-1-5386-2407-4},
month = {oct},
pages = {204--209},
publisher = {IEEE},
title = {{Using X-Ray Flux Time Series for Solar Explosion Forecasting}},
url = {http://ieeexplore.ieee.org/document/8247054/},
year = {2017}
}

@INPROCEEDINGS{8401461,  author={D. {Yu} and J. {Cao} and X. {Li}},  booktitle={2018 International Conference on Electronics Technology (ICET)},   title={Review of power system linearization methods and a decoupled linear equivalent power flow model},   year={2018},  volume={},  number={},  pages={232-239},}

%https://www.ufrgs.br/reamat/CalculoNumerico/livro-sci/sdeduv-metodo_de_newton-raphson.html 

%http://www.labspot.ufsc.br/~simoes/osee/FPNR-Slg.pdf




% Exemplo de apresentação.
@misc{newton,
author = {UFRGS},
address = {Porto Alegre RS},
title = {{Método de Newton-Raphson}},
url = {https://www.ufrgs.br/reamat/CalculoNumerico/livro-sci/sdeduv-metodo_de_newton-raphson.html},
year = {Consultado em 05/2020}
}

% Exemplo de apresentação.
@misc{fpdr,
author = {Antonio Simões Costa and Katia C. de Almeida,},
address = {Florianópolis  - SC},
title = {{Métodos desacoplados}},
url = {http://www.labspot.ufsc.br/~simoes/osee/fpdr.pdf},
year = {Consultado em 05/2020}
}


% Exemplo de apresentação.
@misc{castro,
author = {Carlos A. Castro},
address = {Campinas-SP},
title = {{Cálculo de Fluxo de Carga Linearizado}},
url = {http://www.dsee.fee.unicamp.br/~ccastro},
year = {Consultado em 07/2020}
}

% Exemplo de livro publicado.
@book{monticellia,
address = {São Paulo},
author = {Monticelli, Alcir José},
edition = {1},
isbn = {978-3-8417-2506-6},
publisher = {Editora Edgard Blücher Ltda},
title = {Fluxo de carga em redes de energia elétrica},
year = {1983}
}

@article{monticelli, title={State Estimation in Electric Power Systems}, DOI={10.1007/978-1-4615-4999-4}, author={Monticelli, A.}, year={1999}}

@misc{raphael,
author = {Raphael Augusto de Souza Benedito},
address = {Curitiba-PR},
title = {{Fluxo de Potência Linearizado}},
url = {http://paginapessoal.utfpr.edu.br/raphaelbenedito/sistemas-eletricos-de-potencia-i/aulas/SEP%201%20-%20Cap%204.%201%20Fluxo_Potencia_Linear.pdf},
year = {Consultado em 05/2020}
}

@misc{Mohamad,
author = {Mohamad Salem Ismail Neto},
address = {São Carlos-SP},
title = {{Estimação de estado para Redes de Distribuição de Energia Elétrica Avançadas}},
url = {https://www.teses.usp.br/teses/disponiveis/18/18154/tde-02082017-163837/publico/Mohamad.pdf},
year = {Consultado em 07/2020}
}






